<?xml version="1.0" encoding="UTF-8"?><collection xmlns="http://www.loc.gov/MARC21/slim"><record><leader>00416nam--2200121-i-4500</leader><controlfield tag="001">000030594</controlfield><controlfield tag="002">20161230</controlfield><controlfield tag="005">20170304211919</controlfield><controlfield tag="008">060222s1000------------r-----000-0-eng-d</controlfield><datafield ind1=" " ind2=" " tag="245"><subfield code="a">Liste recapitulative des rapports C.E.A. publies par le commissariat a l`energie atimique. I-ere serie</subfield></datafield><datafield ind1=" " ind2=" " tag="260"><subfield code="a">Rapports Originaux</subfield><subfield code="c">1947-1962</subfield></datafield><datafield ind1=" " ind2=" " tag="490"><subfield code="a">Saclay, Commissariat A L`Energie Atomique, 1975</subfield></datafield><datafield ind1=" " ind2=" " tag="CAT"><subfield code="a">SYS</subfield><subfield code="c">20170304</subfield><subfield code="h">211919</subfield></datafield></record></collection>